@article{2.5D_Evidential_Grids_for_Dynamic_Object_Detection,
  author          = {Hind Laghmara, Thomas Josso-Laurain, Christophe Cudel and Jean-Philippe Lauffenburger},
  journal         = {ResearchGate},
  number          = {},
  title           = {2.5D Evidential Grids for Dynamic Object Detection},
  volume          = {},
  year            = {2019}
}

@article{Cloud_Update_of_Tiled_Evidential_Occupancy_Grid_Maps_for_the_Multi_Vehicle_Mapping,
  author          = {Kichun Jo , Sungjin Cho, Chansoo Kim 2 , Paulo Resende, Benazouz Bradai, Fawzi Nashashibi and Myoungho Sunwoo},
  journal         = {mdpi},
  number          = {},
  title           = {Cloud Update of Tiled Evidential Occupancy Grid Maps for the Multi-Vehicle Mapping},
  volume          = {},
  year            = {2018}
}